<record><leader>00000cas a2200000 a 4500</leader><controlfield tag="001">10221509</controlfield><controlfield tag="008">831215d18651869paudn ne      0   a0eng c</controlfield><datafield ind1=" " ind2=" " tag="010"><subfield code="a">sn 83032142 </subfield></datafield><datafield ind1=" " ind2=" " tag="040"><subfield code="a">NPU</subfield><subfield code="b">eng</subfield><subfield code="c">NPU</subfield><subfield code="d">NYG</subfield><subfield code="d">NPH</subfield><subfield code="d">NPX</subfield><subfield code="d">NJW</subfield><subfield code="d">NYG</subfield><subfield code="d">MFN</subfield><subfield code="d">KNP</subfield><subfield code="d">CNK</subfield><subfield code="d">OCL</subfield><subfield code="d">OCLCQ</subfield><subfield code="d">DLC</subfield><subfield code="d">OCLCQ</subfield><subfield code="d">OCLCF</subfield><subfield code="d">DLC</subfield></datafield><datafield ind1="0" ind2=" " tag="022"><subfield code="a">2473-1021</subfield><subfield code="2">1</subfield></datafield><datafield ind1=" " ind2=" " tag="042"><subfield code="a">pcc</subfield><subfield code="a">nsdp</subfield></datafield><datafield ind1=" " ind2=" " tag="043"><subfield code="a">n-us-pa</subfield></datafield><datafield ind1="0" ind2="0" tag="050"><subfield code="a">Newspaper</subfield></datafield><datafield ind1="1" ind2="0" tag="082"><subfield code="a">071</subfield><subfield code="2">23</subfield></datafield><datafield ind1="0" ind2=" " tag="130"><subfield code="a">Harrisburg daily telegraph (Harrisburg, Pa. : 1865)</subfield></datafield><datafield ind1=" " ind2="0" tag="222"><subfield code="a">Harrisburg daily telegraph</subfield><subfield code="b">(Harrisburg, Pa. 1865)</subfield></datafield><datafield ind1="1" ind2="0" tag="245"><subfield code="a">Harrisburg daily telegraph.</subfield></datafield><datafield ind1="3" ind2="0" tag="246"><subfield code="a">Harrisburg telegraph</subfield></datafield><datafield ind1="3" ind2="0" tag="246"><subfield code="a">Daily telegraph</subfield></datafield><datafield ind1=" " ind2=" " tag="260"><subfield code="a">Harrisburg, Pa. :</subfield><subfield code="b">George Bergner</subfield></datafield><datafield ind1=" " ind2=" " tag="300"><subfield code="a">v.</subfield></datafield><datafield ind1=" " ind2=" " tag="310"><subfield code="a">Daily (except Sun.)</subfield></datafield><datafield ind1="0" ind2=" " tag="362"><subfield code="a">July 6, 1865-Dec. 24, 1869.</subfield></datafield><datafield ind1=" " ind2=" " tag="500"><subfield code="a">"Daily" appears within title ornament.</subfield></datafield><datafield ind1=" " ind2=" " tag="580"><subfield code="a">Published a weekly ed. (title unknown).</subfield></datafield><datafield ind1=" " ind2="0" tag="651"><subfield code="a">Harrisburg (Pa.)</subfield><subfield code="v">Newspapers.</subfield></datafield><datafield ind1=" " ind2="7" tag="651"><subfield code="a">Pennsylvania</subfield><subfield code="z">Harrisburg.</subfield><subfield code="2">fast</subfield><subfield code="0">(OCoLC)fst01204725</subfield></datafield><datafield ind1=" " ind2="7" tag="655"><subfield code="a">Newspapers.</subfield><subfield code="2">fast</subfield><subfield code="0">(OCoLC)fst01423814</subfield></datafield><datafield ind1=" " ind2=" " tag="752"><subfield code="a">United States</subfield><subfield code="b">Pennsylvania</subfield><subfield code="c">Dauphin</subfield><subfield code="d">Harrisburg.</subfield></datafield><datafield ind1="0" ind2="0" tag="780"><subfield code="t">Pennsylvania daily telegraph (Harrisburg, Pa. : 1865)</subfield><subfield code="x">2473-1013</subfield><subfield code="w">(DLC)sn 84035982</subfield><subfield code="w">(OCoLC)2265812</subfield></datafield><datafield ind1="0" ind2="0" tag="785"><subfield code="t">Daily telegraph (Harrisburg, Pa. : 1869)</subfield><subfield code="x">2473-103X</subfield><subfield code="w">(DLC)sn 83032143</subfield><subfield code="w">(OCoLC)10221688</subfield></datafield><datafield ind1="1" ind2=" " tag="029"><subfield code="a">AU@</subfield><subfield code="b">000020418597</subfield></datafield></record>